2858 4773
628 409 775 520 {2112
1170 435 1653 521 De'Augm,
1711 430 2052 540 Sci'ent.

624 618 888 681 neribus
929 613 1220 699 corporis
1265 614 1629 677 exercendis
1675 598 1931 674 maxime
1977 625 2302 688 sevocant,
2375 628 2446 676 ut
2487 638 2601 679 sua
2692 664 2696 668 .

623 745 845 801 natura
887 733 1121 817 absque
1160 731 1686 817 impeditionibus
1730 731 2108 794 exteriorum
2142 733 2418 819 gaudere
2453 739 2598 819 p'os-

624 858 721 919 sit.
809 850 1129 915 Divinatio
1190 873 1341 913 vero
1401 873 1519 935 per
1561 852 1879 933 tnflaxam
1934 852 2059 912 hoc
2119 851 2330 913 altero
2364 874 2598 937 suppo-

595 974 871 1039 'sitionis
915 954 1319 1034 fundamento
1356 969 1611 1031 nititur.
1656 955 1831 1052 quod
1874 968 2094 1046 anima,
2140 971 2331 1032 veluti
2376 994 2597 1057 specu-

618 1096 788 1170 lum,
871 1082 1396 1153 illuminationem·
1458 1086 1797 1186 quandamv
1834 1087 2264 1182 secundariam
2326 1112 2360 1151 a
2416 1113 2592 1175 prae-
2659 1123 2672 1131 -

622 1212 882 1277 scientia
921 1208 1047 1270 Dei
1107 1213 1171 1269 et
1214 1205 1545 1289 spirituum
1604 1201 1904 1290 excipiat3
1994 1206 2096 1269 cui
2160 1206 2343 1270 etiam
2377 1209 2584 1296 hidem,

616 1331 727 1416 qui
750 1323 986 1414 «priori,
1028 1338 1219 1387 status
1256 1336 1318 1386 et
1348 1323 1634 1411 regimen
1665 1323 1956 1408 eorporis
1987 1324 2257 1393 confert.
2345 1327 2589 1391 Eadem

613 1449 782 1513 enim
839 1444 1075 1509 animae
1137 1442 1452 1506 sevocatio
1502 1442 1720 1519 efficit,
1798 1451 1868 1504 ut
1929 1456 1990 1505 et
2046 1466 2156 1506 sua
2211 1458 2429 1507 natura
2469 1448 2584 1509 im·
2641 1421 2698 1459 ²

608 1561 867 1654 pensius
910 1571 1137 1640 utatur,
1214 1571 1278 1623 et
1321 1557 1682 1623 divinorum
1724 1559 2066 1624 influxuum
2110 1563 2191 1624 sit
2234 1564 2435 1652 magis
2479 1588 2579 1627 su·

609 1679 924 1769 sceptiva3
1010 1681 1133 1746 nisi
1188 1675 1362 1765 quod
1423 1677 1489 1740 in
1553 1674 2046 1742 divinationibus
2106 1681 2578 1782 perlinfluxum

560 1825 566 1840 ¹
606 1806 808 1866 anima
864 1799 1113 1864 fervore
1173 1800 1462 1883 quodam.
1504 1809 1684 1881 atque
1747 1799 2036 1882 tanquam
2078 1800 2354 1863 numinis
2397 1823 2575 1885 prae-

606 1917 800 1986 sentis
856 1915 1260 2004 impatientia,
1336 1937 1494 2001 quae
1551 1911 1719 1999 apud
1771 1917 2017 2006 priscos
2073 1897 2250 1980 socri
2301 1920 2573 2000 furoris

601 2036 858 2104 nomine
905 2040 1264 2114 vocabatur,
1324 2033 1738 2119 corripiatur,
1824 2032 1890 2096 in
1937 2033 2324 2099 divinatione
2369 2053 2574 2100 autem

598 2159 806 2230 nativa
849 2153 1046 2238 q‘uieti
1087 2149 1300 2239 potius
1345 2167 1407 2214 et
1451 2149 1767 2214 vocationi
1813 2153 2080 2238 propior
2123 2152 2220 2216 sit.

772 2270 1144 2335 Fuscinatio
1165 2280 1368 2332 autem
1388 2281 1484 2332 est
1507 2272 1600 2332 vis
1622 2284 1681 2332 et
1698 2272 1889 2363 actusi
1907 2273 2195 2360 magmati
2205 2296 2343 2336 oms
2363 2274 2568 2336 inten

595 2397 761 2457 sivus
778 2389 843 2455 in
866 2414 1096 2474 corpus
1116 2384 1391 2467 alterius3
1417 2390 1542 2455 vim
1557 2389 1723 2452 enim
1739 2385 2202 2477 imaginationis
2223 2415 2410 2477 super
2429 2416 2569 2455 cor-

591 2536 711 2597 pus
744 2510 1071 2596 proprium
1099 2504 1296 2594 ipsius
1332 2502 1734 2615 imaginantis
1762 2507 2047 2593 superius
2068 2512 2561 2595 perstrinximus.

592 2630 659 2692 In
685 2632 807 2695 hoc
829 2647 1064 2717 genere
1097 2621 1315 2692 schola
1329 2626 1637 2691 Paracelsi
1673 2643 1732 2690 et
1764 2630 2088 2691 ementitae
2119 2627 2412 2694 naturalis
2444 2654 2564 2693 ma-

589 2746 728 2838 giae
762 2742 1035 2812 cultores
1066 2756 1189 2810 tam
1222 2739 1479 2808 fuerunt
1509 2740 1850 2829 immodici,
1882 2736 2563 2835 utimaginationisim-

583 2883 798 2953 petum
843 2875 902 2929 et
929 2866 1492 2950 'apprehensionem
1525 2865 1817 2927 miracula
1844 2860 2113 2950 patranti
2141 2867 2289 2953 fidei
2320 2876 2558 2930 tantum

579 3008 713 3049 non
735 2980 1152 3068 exaequat-int.
1198 2976 1326 3044 Alii
1354 2984 1434 3045 ad
1467 2977 1936 3046 similitudinem
1956 2979 2083 3047 veri
2104 2974 2366 3071 propius
2385 3009 2560 3050 acce-

584 3107 988 3179 dentes,-cum
1010 3076 1283 3164 occultas
1304 3120 1512 3162 rerum
1533 3103 1818 3190 energias
1839 3100 2378 3189 etimpressiones,
2417 3128 2557 3168 sen-
2637 3178 2640 3179 γ

583 3237 762 3284 ‘suum
806 3213 1268 3297 irradiationes,
1316 3215 1768 3313 contagionum
1804 3221 1880 3283 de
1915 3239 2184 3307 corpore
2217 3222 2283 3284 in
2321 3246 2553 3307 corpus

575 3330 1101 3414 transmissiones,
1123 3340 1419 3400 virtutum
1440 3336 1926 3427 magneticarum
1945 3341 2291 3403 delationes
2310 3345 2547 3403 acutius

573 3451 990 3531 intuerentur,
1036 3456 1102 3517 in
1139 3472 1270 3517 eam
1306 3458 1675 3540 opinionem
1705 3459 2109 3535 devenerunt,
2145 3454 2320 3544 quod
2347 3461 2545 3521 multo

569 3571 766 3664 magis
811 3594 845 3637 a
888 3574 1113 3659 spiritu
1155 3568 1221 3635 in
1269 3568 1578 3659 spiritum,
1662 3596 1802 3638 cum
1863 3558 2118 3662 spiritus
2160 3595 2308 3661 prae
2353 3572 2542 3639 'rebus
2589 3596 2608 3600 ·

540 3689 864 3781 Δυιιιῑηὶὴυει
924 3695 1008 3757 sit
1067 3702 1128 3757 et
1171 3693 1250 3754 ad
1305 3689 1662 3780 augendum
1706 3709 2015 3772 strenuus,
2077 3710 2141 3757 et
2183 3692 2261 3758 ad
2301 3697 2541 3783 patien-

568 3816 717 3876 dum
776 3822 957 3876 'tener
1013 3827 1079 3875 et
1134 3806 1364 3887 mollis,
1443 3805 1888 3896 impressiones
1947 3821 2011 3897 et
2071 3788 2417 3881 delationes
2479 3828 2542 3876 et

565 3924 1163 3994 communicationes
1222 3923 1358 3993 fieri
1420 3931 1762 4015 potuerint.
1853 3923 2041 3998 Unde
2086 3930 2541 3995 increbuerunt

565 4042 926 4136 opiniones,
972 4049 1170 4113 factae
1215 4049 1391 4134 quasi
1436 4049 1793 4134 populares,
1843 4052 1919 4137 de
1967 4051 2156 4137 genio
2202 4044 2535 4135 superiori,
