2858 4773
781 401 1058 468 Index
1127 402 1559 490 capitum.
1703 453 1719 475 .
1879 369 1956 411 'l
2063 368 2152 501 111

950 587 1117 653 Lib
1140 610 1235 653 cr
1286 589 1391 654 111.

1033 698 1212 784 Cap.
1260 699 1307 766 I.

189 806 437 862 Partitio
490 803 757 858 scientiae
808 803 866 853 in
905 786 1249 872 theologiam
1297 801 1834 872 etphilosophiam.
1905 799 2145 856 Partitio

324 889 723 962 philosophiae
744 886 802 939 in
824 876 1111 939 doctrinas
1148 885 1405 947 trestffde
1428 887 1670 953 numine,
1710 886 1777 938 de
1817 897 2037 952 natura,
2076 886 2145 939 de
2216 912 2224 918 ·

321 975 570 1030 homine.
623 971 967 1025 constitutio
990 970 1394 1042 philosophiae
1433 971 1648 1041 primae
1686 983 1742 1026 et
1760 969 1954 1024 matris
1992 987 2144 1025 com-

236 1104 239 1109 .
321 1060 503 1113 munis
540 1058 808 1116 omnium.
1877 1066 1882 1073 ·

1010 1174 1112 1239 Ca
1131 1198 1192 1260 p.
1241 1174 1317 1237 11.

184 1281 272 1343 De
332 1279 622 1352 theologia
673 1276 923 1330 naturali
977 1288 1031 1331 et
1069 1277 1332 1330 doctriua
1370 1274 1439 1328 de
1475 1258 1692 1348 augelis
1730 1288 1786 1333 et
1820 1266 2141 1349 spiritilms,

319 1380 478 1436 quae„
500 1363 747 1433 ejusdem
783 1374 867 1431 est
902 1362 1205 1433 appendix.

997 1479 1049 1544 C
1063 1503 1096 1543 a
1113 1505 1179 1567 p.
1223 1468 1327 1542 ΙΪῙ.

146 1608 147 1613 ’
181 1601 428 1656 Partitio
478 1598 758 1654 naturalis
806 1597 1208 1669 philosophiae
1236 1599 1319 1658 ⁴in
1358 1595 1762 1666 speculativam
1800 1609 1856 1651 et
1889 1598 2143 1669 operati·

316 1704 461 1741 vam.
530 1684 806 1756 Quodque
843 1682 979 1734 illae
1019 1676 1161 1734 du‘ae
1200 1692 1255 1734 et
1289 1682 1361 1732 in>
1381 1681 1695 1735 intentione
1733 1683 2048 1752 tractantis,
2086 1696 2143 1743 et

320 1771 380 1823 in
417 1785 663 1841 corpore
699 1770 972 1819 tractatus
1010 1763 1299 1835 segregari
1338 1763 1603 1823 debeant.

987 1880 1039 1946 C
1058 1904 1176 1966 ap.
1230 1882 1339 1948 lV.

173 2004 426 2060 Partitio
465 2001 759 2081 doctrinae
796 1999 1177 2070 speculativae
1216 1999 1285 2051 de
1322 2010 1530 2053 natura
1559 1998 1616 2052 in
1655 2000 1948 2072 physicam
1986 2005 2136 2074 (spe-

318 2087 551 2153 cialem)
590 2099 645 2138 et
678 2085 1145 2155 metaphysicam3
1176 2101 1419 2154 quarum
1443 2079 1698 2154 ¹physica
1735 2103 1987 2139 caussam
2026 2088 2136 2140 effi-

317 2174 553 2229 cientem
607 2183 661 2224 et
696 2168 1005 2236 materiam,
1042 2169 1446 2245 ‘metaphysica
1502 2186 1754 2223 caussam
1809 2170 2030 2224 finalem
2081 2184 2138 2227 et

310 2258 550 2311 formam
585 2253 844 2326 inquirit.
912 2251 1153 2307 Partitio
1190 2253 1461 2324 physicae
1502 2258 1717 2326 (spec.)
1752 2254 1810 2307 iu
1843 2255 2135 2313 doctrinas

246 2407 247 2410 Ἴ
317 2343 383 2400 de
404 2341 704 2415 principiis
729 2356 939 2406 rerum,
978 2338 1045 2391 de
1083 2337 1306 2394 fabrica
1341 2356 1531 2392 rerum
1569 2339 1685 2394 sive
1723 2340 1793 2393 de
1829 2343 2052 2397 mundo
2079 2355 2136 2399 et

314 2429 382 2481 de
420 2429 688 2481 varietate
724 2443 936 2480 rerum.
1016 2422 1258 2477 Partitio
1297 2424 1592 2478 doctr-inae
1631 2425 1698 2478 de
1735 2426 2006 2481 varietate
2043 2435 2134 2482 rel·
2159 2469 2186 2479 f

311 2530 434 2580 rum
460 2512 516 2564 in
539 2511 854 2565 doctrinam
875 2509 943 2561 de
965 2509 1267 2574 concretis,
1307 2520 1365 2561 et
1380 2509 1696 2563 doctrinam
1719 2510 1786 2563 de
1808 2510 2131 2571 abstractis.

236 2659 251 2676 ἱ
316 2589 556 2651 Pax-titio
594 2595 886 2649 doctrinae
927 2594 994 2647 de
1033 2592 1315 2647 concretis
1349 2593 1613 2662 rejicitur
1647 2594 1722 2648 ad
1758 2595 1978 2648 easdem
1998 2614 2130 2668 par-

310 2683 571 2749 titiones,
637 2697 775 2751 quas
813 2679 1050 2751 suscipit
1084 2678 1328 2733 historia
1364 2679 1662 2735 naturalis.
1747 2678 1989 2734 Partitio
2024 2682 2130 2736 do-

309 2769 526 2822 ctrinae
564 2766 632 2817 de
669 2765 970 2822 abstractis
1005 2764 1064 2817 iu
1101 2763 1415 2817 doctrinam
1468 2764 1536 2817 de
1574 2764 1979 2820 schematismis
2015 2784 2128 2822 ma·

309 2852 486 2907 teriae
524 2863 580 2904 et
615 2850 929 2926 doctrinam
967 2850 1035 2902 de
1070 2848 1337 2902 motibus.
1408 2848 1770 2917 Appendices
1803 2848 1945 2902 duae
1983 2851 2127 2922 phy-

309 2937 460 2990 sicae
498 2935 909 3006 speculativae:
983 2932 1343 3006 problemata
1378 2932 1682 2997 naturalia,
1732 2932 1947 3003 placita
1982 2934 2127 2988 anti-
2153 2961 2164 2968 =

307 3037 549 3092 quorum
600 3019 1097 3091 philosophorum.
1153 3016 1394 3071 Partitio
1449 3016 1868 3088 metaphysicae
1915 3018 1973 3070 in
2024 3019 2124 3073 do-

308 3104 547 3162 ctrinam
585 3104 652 3158 de
688 3101 907 3173 formis,
946 3116 1002 3158 et
1037 3104 1353 3170 doctrinam
1391 3101 1460 3155 de
1499 3101 1712 3156 caussis
1749 3101 2036 3164 finalibus·

987 3239 1173 3325 Cap.
1219 3238 1301 3310 V.

163 3360 438 3417 Partitiae
476 3358 801 3432 operativae
838 3356 1133 3412 doctrinae
1182 3353 1256 3409 de'
1288 3365 1491 3410 natura
1538 3356 1598 3408 in·
1646 3356 2026 3411 mechanicam
2063 3371 2122 3420 et

301 3445 563 3518 adagium,
618 3459 760 3515 quae
795 3443 1143 3513 respondent
1175 3440 1436 3514 partibus
1473 3440 1887 3510 speculativae:
1924 3443 2119 3514 physi-

302 3548 399 3585 cae
437 3528 794 3596 mechanica3
830 3527 1247 3598 metaphysicae
1285 3526 1489 3599 magia.
1559 3527 1912 3599 Expurgatio
1951 3543 2117 3580 voca·
2161 3597 2166 3600 v

296 3614 422 3669 buli
460 3613 699 3684 Magiae.
769 3612 1127 3684 Appendices
1166 3612 1308 3666 duae
1344 3611 1702 3682 operativae:
1741 3610 2117 3665 inventarium

294 3718 466 3774 opum
501 3700 870 3752 humanarum
907 3711 962 3751 et
997 3695 1288 3771 catalogus
1326 3697 1846 3770 polychrestorum.

970 3813 1150 3901 Cap.
1178 3814 1304 3879 VJ.

165 3937 249 3991 De
303 3951 498 4008 magua
551 3934 951 4006 philosophiae
1001 3932 1275 3986 naturalis
1330 3946 1440 3987 tam
1493 3929 1897 4004 speculativae,
1943 3945 2109 4000 quam

294 4022 639 4090 operativae,
676 4018 987 4088 appendice
1025 4018 1434 4075 mathematica.
1516 4016 1791 4087 Quodque
1826 4014 1972 4070 inter
2008 4032 2107 4089 ap·
