2858 4773
702 332 908 440 Vita
959 326 1421 415 Francisci
1474 345 1868 415 Baconis.
2171 349 2267 415 XI
2363 354 2368 371 '

233 512 238 535 ³
303 533 453 600 vel
471 532 866 598 acerrimae
898 529 1100 597 ‘aciei
1135 531 1549 599 hominibus
1584 531 2058 636 absconditae,
2109 543 2266 600 tum

315 666 689 732 inanibus
671 646 991 754 ipsorum
1009 660 1517 783 indagatorum
1538 667 2094 734 subtilitatibus
2075 688 2270 734 invo-

318 770 531 895 lutas,
561 811 674 889 ut,
718 823 934 890 quam
961 774 1402 866 admiramur
1437 800 1699 866 merito
1730 801 2159 869 nostratium
2193 800 2270 871 in
2349 874 2353 885 ⁴

228 920 231 923 .
290 937 534 1001 rebus
564 936 1015 1003 naturalibus
1050 933 1492 1024 explicandis
1513 936 1906 1003 sollertiam
1925 947 2140 1026 atque
2168 957 2272 1002 sa·

315 1070 725 1158 gacitatem,
775 1092 932 1143 cam
957 1070 1260 1136 Bacenis
1297 1070 1611 1137 maxima
1643 1094 1735 1143 ex
1760 1082 1966 1161 parte
1993 1066 2269 1160 ingenii
2365 1132 2370 1135 ,
2432 1088 2436 1093 ’

311 1202 704 1294 judiciique
737 1204 1066 1272 acumine
1101 1206 1220 1271 vel
1248 1215 1756 1293 praeparatam
1789 1207 1906 1273 vel
1938 1206 2269 1273 effectam

238 1338 241 1339 ⁷
320 1322 719 1409 communis
750 1339 1077 1405 omnium
1120 1361 1518 1429 aequorum
1563 1340 1641 1406 in
1680 1343 1818 1408 hoe
1861 1340 2272 1409 litterarum

322 1496 592 1562 genere
620 1475 1207 1579 'existimator-um
1244 1476 1633 1562 applausus
1663 1475 2131 1569 profiteatur3
2164 1484 2274 1540 ut-

320 1632 462 1699 que
517 1584 917 1675 rectissime
972 1607 1106 1673 tibi
1154 1582 1395 1674 dicere
1448 1608 1782 1692 videat-ie,
1830 1609 1889 1674 si
1922 1609 2277 1696 optimum

321 1741 698 1809 contendis
751 1734 1064 1828 aereque
1127 1741 1521 1827 perennius
1573 1742 1923 1813 virtutum
1983 1761 2276 1825 suarum

317 1874 787 1963 praeconium
823 1873 1044 1951 ‚facile
1087 1874 1447 1953 Baconem
1497 1874 1856 1943 invenisse
1900 1874 2271 1971 doctrinae

314 2010 509 2075 illius
546 2007 1198 2097 splendidissimum
1232 2008 1444 2073 hodie
1476 2009 1731 2115 florem
1764 2019 1836 2075 et
1865 2010 2141 2079 ratione
2177 2009 2276 2101 di-

315 2144 761 2233 sciplinaque'
782 2143 1258 2208 excellentem
1272 2142 1814 2231 praestantiam.
1837 2145 2035 2238 Quae
2053 2166 2275 2233 quum

208 2364 213 2371 1
316 2268 419 2346 ita
453 2278 594 2344 sint
624 2299 1013 2366 quumque,
1063 2298 1208 2341 una
1243 2298 1406 2343 cum
1449 2277 1639 2343 vitae
1674 2289 2004 2367 tempore
2048 2242 2279 2345 abitu-

317 2437 475 2481 ram
518 2433 664 2480 non
714 2432 867 2478 esse
898 2411 1231 2477 laborum
1274 2433 1566 2478 suorum
1603 2413 2060 2503 nominisque
2093 2436 2279 2481 com·-

317 2547 917 2619 memorationem
969 2546 1210 2628 animo
1255 2547 1446 2613 Baco
1499 2541 1870 2631 cerneret,
1931 2548 2057 2615 sed
2111 2571 2276 2615 cum

315 2682 510 2752 omni
543 2680 1020 2770 adaequatum
1052 2680 1142 2745 iri
1173 2663 1421 2748 laudes
1454 2702 1615 2747 suas
1640 2682 2091 2770 posteritate,
2127 2705 2276 2750 non

317 2830 424 2887 est
456 2839 650 2899 sane,
703 2814 895 2904 quod
933 2835 1375 2902 magnopere
1408 2814 1782 2900 miremur,
1829 2817 1888 2882 si
1922 2816 2024 2883 ita
2085 2818 2151 2883 ei
2184 2820 2284 2885 le·

313 2976 481 3024 vem
502 2921 720 3017 fuisse
748 2949 1072 3015 videmus
1103 2959 1572 3034 senectutem,
1607 2951 1709 3015 ita
1735 2949 2143 3036 jucundam,
2174 2964 2279 3038 ut,

316 3088 569 3157 similis
605 3084 711 3149 illi
734 3084 805 3149 C.
830 3083 1090 3165 Gallio,
1123 3104 1339 3172 quem
1373 3094 1735 3150 mortuum
1764 3107 1994 3173 paene
2031 3087 2105 3151 in
2142 3097 2283 3154 stu-

316 3226 434 3294 dio
456 3218 877 3287 dimetiendi
910 3195 1091 3284 coeli
1114 3227 1185 3283 et
1203 3226 1444 3283 terrae
1464 3218 1691 3285 refert
1708 3220 1979 3286 Tullius
2002 3222 2282 3307 Cicero,

314 3351 513 3426 inter'
545 3355 892 3421 coelestes
937 3372 1052 3417 res
1095 3353 1348 3439 procul
1378 3325 1427 3417 'a
1461 3353 1916 3420 terrestrium
1947 3357 2280 3424 laborum

315 3491 623 3580 strepitu
644 3510 726 3554 ac
746 3487 1061 3556 tumultu
1082 3507 1501 3576 arcensque,
1537 3497 1617 3553 ut
1635 3487 1735 3554 ait
1755 3495 1989 3576 poeta,
2019 3463 2282 3578 vulgus

317 3626 728 3717 profanum,
779 3631 1187 3688 extremum
1224 3619 1414 3687 vitae
1452 3622 1742 3688 modum
1777 3622 1900 3711 pio
1947 3625 2282 3713 laetoque
2325 3711 2328 3726 A

316 3761 555 3828 animo
578 3757 1058 3847 exspectaret.
1096 3757 1186 3820 Et
1205 3754 1263 3820 si
1286 3756 1895 3842 sapientissimum
1915 3729 2277 3848 quemqu⁶e

316 3895 747 3987 aequissimo
785 3891 1026 3974 animo
1064 3913 1101 3956 e
1139 3890 1287 3956 vita
1323 3890 1693 3957 discedere
1746 3889 2118 3958 verissime
2155 3916 2277 3982 po-
